<record><leader>00000cas a22000007a 4500</leader><controlfield tag="001">13918166</controlfield><controlfield tag="008">860723d19uu1931txudn ne      0    0eng d</controlfield><datafield ind1=" " ind2=" " tag="010"><subfield code="a">sn 86088290 </subfield></datafield><datafield ind1=" " ind2=" " tag="040"><subfield code="a">PPM</subfield><subfield code="b">eng</subfield><subfield code="c">PPM</subfield><subfield code="d">OCLCQ</subfield></datafield><datafield ind1=" " ind2=" " tag="042"><subfield code="a">msc</subfield></datafield><datafield ind1="0" ind2=" " tag="130"><subfield code="a">Daily ledger (Ballinger, Tex.)</subfield></datafield><datafield ind1="1" ind2="4" tag="245"><subfield code="a">The daily ledger.</subfield></datafield><datafield ind1=" " ind2=" " tag="260"><subfield code="a">Ballinger, Tex. :</subfield><subfield code="b">Ballinger Print. Co.</subfield></datafield><datafield ind1=" " ind2=" " tag="300"><subfield code="a">v. :</subfield><subfield code="b">ill.</subfield></datafield><datafield ind1=" " ind2=" " tag="310"><subfield code="a">Daily (except Sun.)</subfield></datafield><datafield ind1=" " ind2=" " tag="588"><subfield code="a">Description based on: Vol. 8, no. 3 (Jan. 29, 1913).</subfield></datafield><datafield ind1=" " ind2=" " tag="752"><subfield code="a">United States</subfield><subfield code="b">Texas</subfield><subfield code="c">Runnels</subfield><subfield code="d">Ballinger.</subfield></datafield><datafield ind1="0" ind2="0" tag="780"><subfield code="t">Ballinger daily ledger</subfield><subfield code="w">(DLC)sn 86089917</subfield></datafield><datafield ind1="0" ind2="7" tag="785"><subfield code="t">Banner-ledger</subfield><subfield code="w">(DLC)sn 86088293</subfield></datafield><datafield ind1="0" ind2="7" tag="785"><subfield code="t">Ballinger semi-weekly ledger</subfield><subfield code="w">(DLC)sn 86088289</subfield></datafield></record>